@article{craik1972,
  title={Levels of processing: A framework for memory research},
  author={Craik, Fergus IM and Lockhart, Robert S},
  journal={Journal of verbal learning and verbal behavior},
  volume={11},
  number={6},
  pages={671--684},
  year={1972},
  publisher={Elsevier}
}

@misc{kmstunden,
  author={Bayerisches Staatsministerium für Bildung und Kultur, Wissenschaft und Kunst},
  title={Übersicht über die Unterrichtspflichtzeiten an staatlichen Schulen in Bayern},
  year={2012},
  url={https://www.km.bayern.de/download/5016_bersicht_ber_die_unterrichtspflichtzeiten_an_staatlichen_schulen_in_bayern_stand_august_2012.pdf}
}

@article{seidel2016,
  title={Wie gelingen MINT-Schulen?},
  author={Seidel, Tina and Reinhold, Sarah and Holzberger, Doris and Mok, Sog Yee and Schiepe-Tiska, Anja and Reiss, Kristina},
  journal={Zentrum f{\"u}r internationale Bildungsvergleichsstudien (ZIB), Technische Universit{\"a}t M{\"u}nchen (TUM)},
  year={2016}
}

@article{fks,
  title={Die Erfassung des Flow-Erlebens},
  author={Rheinberg, Falko and Vollmeyer, Regina and Engeser, Stefan},
  year={2003}
}

@book{aviva,
  title={Kompetenzorientiert unterrichten: das AVIVA-Modell},
  author={St{\"a}deli, Christoph and Grassi, Andreas and Rhiner, Katy and Obrist, Willy},
  year={2010},
  publisher={hep, der Bildungsverlag}
}

@article{reusser2005,
  title={Problemorientiertes Lernen--Tiefenstruktur, Gestaltungsformen, Wirkung},
  author={Reusser, Kurt},
  journal={Beitr{\"a}ge zur Lehrerbildung},
  volume={23},
  number={2},
  pages={159--182},
  year={2005}
}

@book{seidel2014,
  title={P{\"a}dagogische Psychologie},
  author={Seidel, Tina and Krapp, Andreas},
  year={2014},
  publisher={Beltz Verlag. Weinheim/Basel},
  edition={6}
}

@book{kunter2013,
  title={Psychologie des Unterrichts},
  author={Kunter, Mareike and Trautwein, Ulrich},
  volume={3895},
  year={2013},
  publisher={UTB}
}

@techreport{dengler2015,
  title={Folgen der Digitalisierung f{\"u}r die Arbeitswelt: Substituierbarkeitspotenziale von Berufen in Deutschland},
  author={Dengler, Katharina and Matthes, Britta},
  year={2015},
  institution={IAB-Forschungsbericht}
}

@article{frey2017,
  title={The future of employment: how susceptible are jobs to computerisation?},
  author={Frey, Carl Benedikt and Osborne, Michael A},
  journal={Technological Forecasting and Social Change},
  volume={114},
  pages={254--280},
  year={2017},
  publisher={Elsevier}
}

@article{silver2004,
  title={Problem-based learning: What and how do students learn?},
  author={Hmelo-Silver, Cindy E},
  journal={Educational psychology review},
  volume={16},
  number={3},
  pages={235--266},
  year={2004},
  publisher={Springer}
}

@incollection{hameyer2008,
  title={Entdeckendes Lernen},
  booktitle={Zw{\"o}lf Unterrichtsmethoden: Vielfalt f{\"u}r die Praxis},
  author={Hameyer, Uwe and Rößer, Babara},
  year={2008},
  pages={129--143},
  publisher={Beltz}
}

@incollection{hegele2008,
  title={Stationenarbeit},
  booktitle={Zw{\"o}lf Unterrichtsmethoden: Vielfalt f{\"u}r die Praxis},
  author={Hegele, Irmintraut},
  year={2008},
  pages={61--77},
  publisher={Beltz}
}

@book{reiss2012,
  title={Grundlagen der Mathematikdidaktik: eine Einf{\"u}hrung f{\"u}r den Unterricht in der Sekundarstufe},
  author={Reiss, Kristina and Hammer, Christoph},
  year={2012},
  publisher={Springer-Verlag}
}

@article{furtak2012,
  title={Experimental and quasi-experimental studies of inquiry-based science teaching: A meta-analysis},
  author={Furtak, Erin Marie and Seidel, Tina and Iverson, Heidi and Briggs, Derek C},
  journal={Review of educational research},
  volume={82},
  number={3},
  pages={300--329},
  year={2012},
  publisher={SAGE Publications Sage CA: Los Angeles, CA}
}
